<record><leader>01964nam a2200517 i 4500</leader><controlfield tag="001">6849923</controlfield><controlfield tag="003">CaONFJC</controlfield><controlfield tag="005">20150306041953.0</controlfield><controlfield tag="006">m        d        </controlfield><controlfield tag="007">cr||n|||||||||</controlfield><controlfield tag="008">141023s2015    nyu     ob    001 0 eng d</controlfield><datafield ind1=" " ind2=" " tag="020"><subfield code="a">9780415800358</subfield><subfield code="q">hardback</subfield></datafield><datafield ind1=" " ind2=" " tag="020"><subfield code="a">0415800358</subfield><subfield code="q">hardback</subfield></datafield><datafield ind1=" " ind2=" " tag="020"><subfield code="a">9780415800365</subfield><subfield code="q">pbk.</subfield></datafield><datafield ind1=" " ind2=" " tag="020"><subfield code="a">0415800366</subfield><subfield code="q">pbk.</subfield></datafield><datafield ind1=" " ind2=" " tag="020"><subfield code="a">9780203878897</subfield><subfield code="q">ebk</subfield></datafield><datafield ind1=" " ind2=" " tag="020"><subfield code="a">9781322603933 (MyiLibrary)</subfield></datafield><datafield ind1=" " ind2=" " tag="035"><subfield code="a">ocn903958534</subfield></datafield><datafield ind1=" " ind2=" " tag="037"><subfield code="a">691675</subfield><subfield code="b">MIL</subfield></datafield><datafield ind1=" " ind2=" " tag="039"><subfield code="a">exclude</subfield></datafield><datafield ind1=" " ind2=" " tag="040"><subfield code="a">CaONFJC</subfield><subfield code="c">CaONFJC</subfield><subfield code="e">rda</subfield><subfield code="d">AEU</subfield></datafield><datafield ind1="0" ind2="4" tag="050"><subfield code="a">RC552.T7</subfield><subfield code="b">C73 2015eb</subfield></datafield><datafield ind1="1" ind2="0" tag="060"><subfield code="a">WM 172.4</subfield></datafield><datafield ind1="0" ind2="4" tag="082"><subfield code="a">616.85/21</subfield><subfield code="2">23</subfield></datafield><datafield ind1=" " ind2=" " tag="090"><subfield code="a">Internet Access</subfield><subfield code="b">AEU</subfield></datafield><datafield ind1="1" ind2=" " tag="100"><subfield code="a">Crastnopol, Margaret,</subfield><subfield code="e">author.</subfield></datafield><datafield ind1="1" ind2="0" tag="245"><subfield code="a">Micro-trauma</subfield><subfield code="h">[electronic resource] :</subfield><subfield code="b">a psychoanalytic understanding of cumulative psychic injury /</subfield><subfield code="c">Margaret Crastnopol.</subfield></datafield><datafield ind1=" " ind2="1" tag="264"><subfield code="a">New York, NY :</subfield><subfield code="b">Routledge Taylor &amp; Francis Group,</subfield><subfield code="c">2015.</subfield></datafield><datafield ind1=" " ind2=" " tag="300"><subfield code="a">1 online resource (xiv, 252 pages)</subfield></datafield><datafield ind1=" " ind2=" " tag="336"><subfield code="a">text</subfield><subfield code="b">txt</subfield><subfield code="2">rdacontent</subfield></datafield><datafield ind1=" " ind2=" " tag="337"><subfield code="a">computer</subfield><subfield code="b">c</subfield><subfield code="2">rdamedia</subfield></datafield><datafield ind1=" " ind2=" " tag="338"><subfield code="a">online resource</subfield><subfield code="b">cr</subfield><subfield code="2">rdacarrier</subfield></datafield><datafield ind1="1" ind2=" " tag="490"><subfield code="a">Psychoanalysis in a new key book series ;</subfield><subfield code="v">vol. 25</subfield></datafield><datafield ind1=" " ind2=" " tag="504"><subfield code="a">Includes bibliographical references and index.</subfield></datafield><datafield ind1=" " ind2=" " tag="506"><subfield code="a">Access restricted to authorized users and institutions.</subfield></datafield><datafield ind1=" " ind2=" " tag="588"><subfield code="a">Description based on print version record.</subfield></datafield><datafield ind1=" " ind2=" " tag="596"><subfield code="a">44</subfield></datafield><datafield ind1=" " ind2="0" tag="650"><subfield code="a">Psychic trauma.</subfield></datafield><datafield ind1=" " ind2="0" tag="650"><subfield code="a">Interpersonal relations</subfield><subfield code="x">Psychological aspects.</subfield></datafield><datafield ind1=" " ind2="0" tag="650"><subfield code="a">Psychoanalysis.</subfield></datafield><datafield ind1="1" ind2="2" tag="650"><subfield code="a">Stress, Psychological</subfield><subfield code="x">etiology.</subfield></datafield><datafield ind1="2" ind2="2" tag="650"><subfield code="a">Psychoanalytic Therapy</subfield><subfield code="x">methods.</subfield></datafield><datafield ind1=" " ind2="0" tag="830"><subfield code="a">Psychoanalysis in a new key book series ;</subfield><subfield code="v">v. 25.</subfield></datafield><datafield ind1="4" ind2="0" tag="856"><subfield code="3">University of Alberta Access</subfield><subfield code="u">http://lib.myilibrary.com/detail.asp?ID=691675</subfield><subfield code="z">(Single User Access)</subfield></datafield><datafield ind1=" " ind2=" " tag="949"><subfield code="w">ORDER</subfield><subfield code="h">UAIN</subfield><subfield code="z">PDACOUTTS</subfield></datafield><datafield ind1=" " ind2=" " tag="926"><subfield code="a">Internet Access</subfield><subfield code="w">LC</subfield><subfield code="c">1</subfield><subfield code="i">6849923-1001</subfield><subfield code="l">INTERNET</subfield><subfield code="m">UAINTERNET</subfield><subfield code="r">Y</subfield><subfield code="s">Y</subfield><subfield code="t">E-RESOURCE</subfield><subfield code="u">3/9/2015</subfield><subfield code="x">E-BOOK</subfield><subfield code="z">PDAOWNED</subfield></datafield></record>